<?xml version="1.0" encoding="UTF-8"?><record xmlns="http://www.loc.gov/MARC21/slim" xmlns:cinclude="http://apache.org/cocoon/include/1.0" xmlns:zs="http://www.loc.gov/zing/srw/">
  <leader>00502cz  a2200133n  4500</leader>
  <controlfield tag="001">n 2010004001</controlfield>
  <controlfield tag="003">DLC</controlfield>
  <controlfield tag="005">20120818075620.0</controlfield>
  <controlfield tag="008">100120n| acannaabn          |n ana      </controlfield>
  <datafield tag="010" ind1=" " ind2=" ">
    <subfield code="a">n 2010004001</subfield>
  </datafield>
  <datafield tag="040" ind1=" " ind2=" ">
    <subfield code="a">DLC</subfield>
    <subfield code="b">eng</subfield>
    <subfield code="c">DLC</subfield>
    <subfield code="d">DLC</subfield>
  </datafield>
  <datafield tag="111" ind1="2" ind2=" ">
    <subfield code="a">Congreso Nacional de Cartografi휍혖a</subfield>
  </datafield>
  <datafield tag="667" ind1=" " ind2=" ">
    <subfield code="a">THIS 1XX FIELD CANNOT BE USED UNDER RDA UNTIL THIS RECORD HAS BEEN REVIEWED AND/OR UPDATED</subfield>
  </datafield>
  <datafield tag="670" ind1=" " ind2=" ">
    <subfield code="a">Contribuciones cientificas, 1995:</subfield>
    <subfield code="b">t.p. (Congreso Nacional de Cartografi휍혖a) p. 7 (23-28 Oct., 1995; Buenos Aires)</subfield>
  </datafield>
</record>